@article{Choi2001,
  title={Supply networks and complex adaptive systems: Control versus emergence},
  author={Choi, T.Y. and Hong, Y.},
  journal={Journal of Operations Management},
  volume={19},
  number={3},
  pages={351--366},
  year={2001}
}

@article{Nair2011,
  title={Supply network topology and robustness against disruptions – An investigation using multi-agent model},
  author={Nair, A. and Vidal, J.M.},
  journal={International Journal of Production Research},
  volume={49},
  number={5},
  pages={1391--1404},
  year={2011}
}

@article{Eubank2004,
  title={Modelling disease outbreaks in realistic urban social networks},
  author={Eubank, S. and others},
  journal={Nature},
  volume={429},
  pages={180--184},
  year={2004}
}

@article{Martinez2010,
  title={Modeling systemic risk of a global network of banks},
  author={Martinez-Jaramillo, S. and others},
  journal={Journal of Economic Dynamics and Control},
  volume={34},
  number={8},
  pages={1385--1408},
  year={2010}
}

@article{Watts1998,
  title={Collective dynamics of ‘small-world’ networks},
  author={Watts, D.J. and Strogatz, S.H.},
  journal={Nature},
  volume={393},
  pages={440--442},
  year={1998}
}

@article{Barabasi2002,
  title={Statistical mechanics of complex networks},
  author={Barabasi, A.L. and Albert, R.},
  journal={Reviews of Modern Physics},
  volume={74},
  number={1},
  pages={47--97},
  year={2002}
}

@article{Bellamy2013,
  title={Network analysis of supply chain systems: A systematic review and future research},
  author={Bellamy, M.A. and Basole, R.C.},
  journal={Systems Engineering},
  volume={16},
  number={2},
  pages={235--249},
  year={2013}
}

@article{Kim2011,
  title={Structural investigation of supply networks: A social network analysis approach},
  author={Kim, Y., Choi, T.Y., Yan, T. and Dooley, K.J.},
  journal={Journal of Operations Management},
  volume={29},
  number={3},
  pages={194--211},
  year={2011}
}

@article{Choi2008,
  title={Structural embeddedness and supplier management: A network perspective},
  author={Choi, T.Y. and Kim, Y.},
  journal={Journal of Supply Chain Management},
  volume={44},
  number={4},
  pages={5--13},
  year={2008}
}

@article{Li2013,
  title={Supply chain risk diffusion and mitigation: A complex network perspective},
  author={Li, H. and Zobel, C.},
  journal={International Journal of Production Research},
  volume={51},
  number={23-24},
  pages={7398--7410},
  year={2013}
}

@article{Craighead2007,
  title={The severity of supply chain disruptions: Design characteristics and mitigation capabilities},
  author={Craighead, C.W., Blackhurst, J., Rungtusanatham, M.J., and Handfield, R.B.},
  journal={Decision Sciences},
  volume={38},
  number={1},
  pages={131--156},
  year={2007}
}

@article{Tang2006,
  title={Robust strategies for mitigating supply chain disruptions},
  author={Tang, C.S.},
  journal={International Journal of Logistics},
  volume={9},
  number={1},
  pages={33--45},
  year={2006}
}

@article{Basole2016,
  title={Supply chain network analysis and resilience: A multilevel perspective},
  author={Basole, R.C. and Bellamy, M.A.},
  journal={International Journal of Production Economics},
  volume={176},
  pages={165--177},
  year={2016}
}

@article{Sheffi2005,
  title={Building a resilient supply chain},
  author={Sheffi, Y. and Rice, J.B.},
  journal={Harvard Business Review},
  volume={82},
  number={10},
  pages={1--10},
  year={2005}
}

@article{Nagurney2006,
  title={Supply chain network economics: Dynamics of prices, flows, and profits},
  author={Nagurney, A.},
  journal={International Series in Operations Research and Management Science},
  volume={96},
  year={2006}
}
@article{Basole2014,
  author    = {Rahul C. Basole and Marcus A. Bellamy},
  title     = {Supply Network Structure, Visibility, and Risk Diffusion: A Computational Approach},
  journal   = {Decision Sciences},
  volume    = {45},
  number    = {4},
  pages     = {753-789},
  year      = {2014},
  month     = {August},
  publisher = {Decision Sciences Institute},
  doi       = {10.1111/deci.12099}
}